<record><leader>00000cas a22000007a 4500</leader><controlfield tag="001">10014204</controlfield><controlfield tag="008">831014d18591861pauwr ne      0   a0eng d</controlfield><datafield ind1=" " ind2=" " tag="010"><subfield code="a">sn 83025922 </subfield></datafield><datafield ind1=" " ind2=" " tag="040"><subfield code="a">NPV</subfield><subfield code="b">eng</subfield><subfield code="c">NPV</subfield><subfield code="d">NPH</subfield><subfield code="d">OCLCQ</subfield></datafield><datafield ind1=" " ind2=" " tag="042"><subfield code="a">msc</subfield></datafield><datafield ind1=" " ind2=" " tag="043"><subfield code="a">n-us-pa</subfield></datafield><datafield ind1=" " ind2=" " tag="045"><subfield code="a">w6w-</subfield></datafield><datafield ind1=" " ind2=" " tag="052"><subfield code="a">3823</subfield><subfield code="b">M4</subfield></datafield><datafield ind1="0" ind2="0" tag="245"><subfield code="a">Shenango Valley times.</subfield></datafield><datafield ind1=" " ind2=" " tag="260"><subfield code="a">West Greenville, Pa. :</subfield><subfield code="b">[s.n.]</subfield></datafield><datafield ind1=" " ind2=" " tag="300"><subfield code="a">v. ;</subfield><subfield code="c">68 cm.</subfield></datafield><datafield ind1=" " ind2=" " tag="310"><subfield code="a">Weekly</subfield></datafield><datafield ind1="1" ind2=" " tag="362"><subfield code="a">Began in 1859? Ceased in 1861?</subfield></datafield><datafield ind1=" " ind2=" " tag="500"><subfield code="a">Publisher: Hamilton &amp; Brown, &lt;1860&gt;.</subfield></datafield><datafield ind1=" " ind2=" " tag="515"><subfield code="a">Issues for &lt;Jan. 5, 1859&gt; called also &lt;whole no. 103&gt;.</subfield></datafield><datafield ind1=" " ind2=" " tag="588"><subfield code="a">Description based on: Vol. 3, no. 3 (Jan. 5, 1859).</subfield></datafield><datafield ind1=" " ind2=" " tag="752"><subfield code="a">United States</subfield><subfield code="b">Pennsylvania</subfield><subfield code="c">Mercer</subfield><subfield code="d">West Greenville.</subfield></datafield><datafield ind1="0" ind2="0" tag="780"><subfield code="t">Times (West Greenville, Pa.)</subfield><subfield code="w">(DLC)sn 89077623</subfield></datafield><datafield ind1="0" ind2="0" tag="785"><subfield code="t">Rural argus</subfield><subfield code="w">(DLC)sn 88079354</subfield></datafield></record>